@book{whitman2011principles,
    title={Principles of information security},
    author={Whitman, Michael and Mattord, Herbert},
    year={2011},
    publisher={Cengage Learning}
}

@article{manzoor2009quality,
  title={Quality aware context information aggregation system for pervasive environments},
  author={Manzoor, A. and Truong, H.L. and Dustdar, S.},
  booktitle={Advanced Information Networking and Applications Workshops, 2009. WAINA'09. International Conference on},
  pages={266--271},
  year={2009},
  organization={IEEE}
}

@techreport{ISO27000,
  author = {ISO},
  Institution = {International Organization for Standardization},
  address = {Geneva, Switzerland},
  Title = {Information technology — Security techniques — Information security management systems — Overview and vocabulary},
  number = {27000:2009},
  Type = {ISO},
  Year = {2009}
} 

@article{venter2003taxonomy,
  title={A taxonomy for information security technologies},
  author={Venter, HS and Eloff, Jan HP},
  journal={Computers \& Security},
  volume={22},
  number={4},
  pages={299--307},
  year={2003},
  publisher={Elsevier}
}

@article{atzori2014smart,
  title={From" smart objects" to" social objects": The next evolutionary step of the internet of things},
  author={Atzori, Luigi and Iera, Antonio and Morabito, Giacomo},
  journal={Communications Magazine, IEEE},
  volume={52},
  number={1},
  pages={97--105},
  year={2014},
  publisher={IEEE}
}

@article{kortuem2010smart,
  title={Smart objects as building blocks for the internet of things},
  author={Kortuem, Gerd and Kawsar, Fahim and Fitton, Daniel and Sundramoorthy, Vasughi},
  journal={Internet Computing, IEEE},
  volume={14},
  number={1},
  pages={44--51},
  year={2010},
  publisher={IEEE}
}

@inproceedings{covington2002context,
  title={A context-aware security architecture for emerging applications},
  author={Covington, Michael J and Fogla, Prahlad and Zhan, Zhiyuan and Ahamad, Mustaque},
  booktitle={Computer Security Applications Conference, 2002. Proceedings. 18th Annual},
  pages={249--258},
  year={2002},
  organization={IEEE}
}

@article{shirey2007internet,
  title={Internet security glossary, Version 2},
  author={Shirey, Robert W},
  year={2007}
}

@article{ferro2005bluetooth,
  title={Bluetooth and Wi-Fi wireless protocols: a survey and a comparison},
  author={Ferro, Erina and Potorti, Francesco},
  journal={Wireless Communications, IEEE},
  volume={12},
  number={1},
  pages={12--26},
  year={2005},
  publisher={IEEE}
}

@inproceedings{lee2007comparative,
  title={A comparative study of wireless protocols: Bluetooth, UWB, ZigBee, and Wi-Fi},
  author={Lee, Jin-Shyan and Su, Yu-Wei and Shen, Chung-Chou},
  booktitle={Industrial Electronics Society, 2007. IECON 2007. 33rd Annual Conference of the IEEE},
  pages={46--51},
  year={2007},
  organization={IEEE}
}

@article{vaughan2004achieving,
  title={Achieving wireless broadband with WiMax},
  author={Vaughan-Nichols, Steven J},
  journal={Computer},
  number={6},
  pages={10--13},
  year={2004},
  publisher={IEEE}
}

